@incollection{saif2012semantic,
  title={Semantic sentiment analysis of twitter},
  author={Saif, Hassan and He, Yulan and Alani, Harith},
  booktitle={The Semantic Web--ISWC 2012},
  pages={508--524},
  year={2012},
  publisher={Springer}
}

@article{pang2008opinion,
  title={Opinion mining and sentiment analysis},
  author={Pang, Bo and Lee, Lillian},
  journal={Foundations and trends in information retrieval},
  volume={2},
  number={1-2},
  pages={1--135},
  year={2008},
  publisher={Now Publishers Inc.}
}

@article{vinodhini2012sentiment,
  title={Sentiment analysis and opinion mining: a survey},
  author={Vinodhini, G and Chandrasekaran, RM},
  journal={International Journal},
  volume={2},
  number={6},
  year={2012}
}

@inproceedings{agarwal2011sentiment,
  title={Sentiment analysis of twitter data},
  author={Agarwal, Apoorv and Xie, Boyi and Vovsha, Ilia and Rambow, Owen and Passonneau, Rebecca},
  booktitle={Proceedings of the Workshop on Languages in Social Media},
  pages={30--38},
  year={2011},
  organization={Association for Computational Linguistics}
}

@article{kouloumpis2011twitter,
  title={Twitter sentiment analysis: The good the bad and the omg!},
  author={Kouloumpis, Efthymios and Wilson, Theresa and Moore, Johanna},
  journal={ICWSM},
  volume={11},
  pages={538--541},
  year={2011}
}

@article{go2009twitter,
  title={Twitter sentiment classification using distant supervision},
  author={Go, Alec and Bhayani, Richa and Huang, Lei},
  journal={CS224N Project Report, Stanford},
  pages={1--12},
  year={2009}
}

@incollection{saif2012semantic,
  title={Semantic sentiment analysis of twitter},
  author={Saif, Hassan and He, Yulan and Alani, Harith},
  booktitle={The Semantic Web--ISWC 2012},
  pages={508--524},
  year={2012},
  publisher={Springer}
}

@inproceedings{gonzalez2011identifying,
  title={Identifying sarcasm in Twitter: a closer look},
  author={Gonz{\'a}lez-Ib{\'a}{\~n}ez, Roberto and Muresan, Smaranda and Wacholder, Nina},
  booktitle={Proceedings of the 49th Annual Meeting of the Association for Computational Linguistics: Human Language Technologies: short papers-Volume 2},
  pages={581--586},
  year={2011},
  organization={Association for Computational Linguistics}
}

@article{Anthony2010Twitter,
  title={TWITTER SENTIMENT ANALYSIS},
  author={Anthony K Joe, Nipun Bhatia, Sarath Krishna},
  pages={1--29},
  year={2010},
 organization={National Institute of Technology Calicuts}
}

@article{JayantTwitter,
  title={Twitter Sentiment Analysis},
  author={Jayant Sharma, Aniruddh Vyas},
  pages={1--6},
}

@article{AlexanderTwitter,
  title={Twitter as a Corpus for Sentiment Analysis and Opinion Mining},
  author={Alexander Pak, Patrick Paroubek},
  pages={1--7},
 organization={Universite de Paris-Sud, Laboratoire LIMSI-CNRS, Batiment 508, F-91405 Orsay Cedex, France}
}
